<collection xmlns="http://www.loc.gov/MARC21/slim">
<record>
  <leader>00995nam0a22002291i 450 </leader>
  <controlfield tag="001">IT\ICCU\CNCE\075018</controlfield>
  <controlfield tag="005">20150722000000.0</controlfield>
  <datafield tag="012" ind1=" " ind2=" ">
    <subfield code="a">o-li roio i-de zach (3) 1554 (R)</subfield>
    <subfield code="2">fei</subfield>
  </datafield>
  <datafield tag="100" ind1=" " ind2=" ">
    <subfield code="a">20100129d1554        0itac0103    ba</subfield>
  </datafield>
  <datafield tag="101" ind1=" " ind2=" ">
    <subfield code="a">ITA</subfield>
  </datafield>
  <datafield tag="102" ind1=" " ind2=" ">
    <subfield code="a">IT</subfield>
  </datafield>
  <datafield tag="200" ind1="1" ind2=" ">
    <subfield code="a">℗Il ℗liceo de&apos; virtuosi del signor Bartolomeo Taegio</subfield>
  </datafield>
  <datafield tag="210" ind1=" " ind2=" ">
    <subfield code="a">In Nouara</subfield>
    <subfield code="c">appresso Francesco</subfield>
    <subfield code="d">e Giacomo Sesalli</subfield>
    <subfield code="d">1554</subfield>
    <subfield code="e">In Nouara</subfield>
    <subfield code="g">appresso Francesco et Gio. Iacopo Sesalli</subfield>
    <subfield code="h">1554</subfield>
  </datafield>
  <datafield tag="215" ind1=" " ind2=" ">
    <subfield code="a">\4!, 3-142, \2! c.</subfield>
    <subfield code="d">8ʻ</subfield>
  </datafield>
  <datafield tag="620" ind1=" " ind2=" ">
    <subfield code="a">IT</subfield>
    <subfield code="d">Novara</subfield>
  </datafield>
  <datafield tag="700" ind1=" " ind2="1">
    <subfield code="a">Taegio,</subfield>
    <subfield code="b">Bartolomeo</subfield>
    <subfield code="3">IT\ICCU\CNCA\007097</subfield>
  </datafield>
  <datafield tag="712" ind1="0" ind2="0">
    <subfield code="a">Sesalli, Francesco &amp; Sesalli, Giacomo</subfield>
    <subfield code="3">IT\ICCU\CNCT\001223</subfield>
    <subfield code="4">650</subfield>
  </datafield>
  <datafield tag="790" ind1=" " ind2="0">
    <subfield code="a">Vitauro</subfield>
    <subfield code="3">IT\ICCU\CNCA\024529</subfield>
    <subfield code="z">Taegio, Bartolomeo</subfield>
  </datafield>
  <datafield tag="790" ind1=" " ind2="1">
    <subfield code="a">Taegius,</subfield>
    <subfield code="b">Bartholomaeus</subfield>
    <subfield code="3">IT\ICCU\CNCA\024530</subfield>
    <subfield code="z">Taegio, Bartolomeo</subfield>
  </datafield>
  <datafield tag="791" ind1="0" ind2="0">
    <subfield code="a">Sesalli, Giacomo</subfield>
    <subfield code="3">IT\ICCU\CNCT\001224</subfield>
    <subfield code="z">Sesalli, Francesco &amp; Sesalli, Giacomo</subfield>
  </datafield>
  <datafield tag="801" ind1=" " ind2="3">
    <subfield code="a">IT</subfield>
    <subfield code="b">ICCU</subfield>
    <subfield code="c">20201115</subfield>
  </datafield>
  <datafield tag="899" ind1=" " ind2=" ">
    <subfield code="a">Biblioteca Apostolica Vaticana. Citt ̉del Vaticano</subfield>
    <subfield code="1">EX0001</subfield>
    <subfield code="2">ZCV 01</subfield>
  </datafield>
</record>
</collection>
